@MISC{scikit,
title={scikit-learn, Machine Learning in Python},
url={http://scikit-learn.org/}
}

@MISC{handson,
author={Aurélien Géron},
title={Hands-On Machine Learning with Scikit-Learn and TensorFlow},
url={https://www.oreilly.com/library/view/hands-on-machine-learning/9781491962282/ch04.html}
}

@MISC{sandra,
author={Sandra Avila},
url={https://www.ic.unicamp.br/~sandra/}
}

@MISC{ayearofai,
author={Rohan Kapur},
url={https://ayearofai.com/rohan-3-deriving-the-normal-equation-using-matrix-calculus-1a1b16f65dda}
}

@MISC{Polybench,
author = {Pouchet, Louis-Noel},
title = {{PolyBench: The Polyhedral Benchmark suite}},
month = may,
year = {2015},
url={http://web.cse.ohio-state.edu/~pouchet/software/polybench/}
}

@MISC{Unibench,
author = {Mattos, Luis Felipe and Cardoso, Rafael and Pereira, Marcio},
title = {{UniBench}},
year = {2015},
url={https://gitlab.com/mattoslf/UniBench}
}

@MISC{Mgbench,
author = {Magno Quintao Pereira, Fernando  and do Couto Teixeira, Douglas and Andrade, Kézia and Souza, Gleison},
title = {{MgBench: OpenACC benchmark suite}},
url={https://github.com/lashgar/ipmacc/tree/master/test-case/mgBench}
}

@MISC{zlib,
author = {Gailly, Jean-loup and Adler, Mark},
title = {{Zlib: A massively spiffy yet delicately unobtrusive compression library}},
url={http://zlib.net/}
}

@article{gzip,
  title={{GZIP file format specification version 4.3}},
  author={Deutsch, L Peter},
  year={1996}
}

@MISC{blender,
  title={{Blender: free and open source 3D creation suite}},
  url={https://www.blender.org/}
}

@MISC{livy,
  title={{Apache Livy: A REST Service for Apache Spark}},
  url={https://livy.incubator.apache.org/}
}

@MISC{jobserver,
  title={{spark-jobserver: REST job server for Apache Spark}},
  url={https://github.com/spark-jobserver/spark-jobserver}
}

@MISC{it4,
title={{it4innovations}},
url={http://blender.it4i.cz/research/rendering-on-intel-xeon-phi/}
}

@MISC{sap,
title={{Scratch a Pixel}},
url={https://www.scratchapixel.com/}
}

@MISC{pmu,
title={{Making Monsters University}},
url={https://venturebeat.com/2013/04/24/the-making-of-pixars-latest-technological-marvel-monsters-university/}
}

@MISC{renderman,
title={{RenderMan}},
url={https://renderman.pixar.com/}
}

@MISC{sdl,
title={{Simple DirectMedia Layer}},
url={https://www.libsdl.org/}
}
