% This file was created with JabRef 2.10b2.
% Encoding: UTF-8


@ARTICLE{97902,
author={M. E. Wolf and M. S. Lam},
journal={IEEE Transactions on Parallel and Distributed Systems},
title={A loop transformation theory and an algorithm to maximize parallelism},
year={1991},
volume={2},
number={4},
pages={452-471},
keywords={parallel algorithms;parallel programming;program compilers;canonical form;coarse grain parallelism;coarsest fully permutable loop nests;code transformation;compound transformations;dependence vectors;fine-grain parallelism;fully permutable nests;general loops;heuristics;legality;lexicographically positive;loop iterations;loop transformation theory;maximum degree;parallel algorithm;precedence constraints;wavefront;Computer languages;Conferences;Law;Legal factors;Parallel machines;Parallel processing;Program processors;Space exploration;Testing;Vectors},
month={Oct},}

@article{Lam:2004:DLO:989393.989437,
 author = {Lam, Monica S. and Wolf, Michael E.},
 title = {A Data Locality Optimizing Algorithm},
 journal = {SIGPLAN Not.},
 issue_date = {April 2004},
 volume = {39},
 number = {4},
 month = apr,
 year = {2004},
 issn = {0362-1340},
 pages = {442--459},
 numpages = {18},
 publisher = {ACM},
 address = {New York, NY, USA},
}

@phdthesis{allen1983dependence,
  title={Dependence analysis for subscripted variables and its application to program transformations},
  author={Allen, John Randal},
  year={1983},
  school={Rice University}
}

@article{Dean:2008:MSD:1327452.1327492,
 author = {Dean, Jeffrey and Ghemawat, Sanjay},
 title = {MapReduce: Simplified Data Processing on Large Clusters},
 journal = {Commun. ACM},
 issue_date = {January 2008},
 volume = {51},
 number = {1},
 month = jan,
 year = {2008},
 issn = {0001-0782},
 pages = {107--113},
 numpages = {7},
 publisher = {ACM},
 address = {New York, NY, USA},
}

@article{gropp1996high,
  title={A high-performance, portable implementation of the MPI message passing interface standard},
  author={Gropp, William and Lusk, Ewing and Doss, Nathan and Skjellum, Anthony},
  journal={Parallel computing},
  volume={22},
  number={6},
  pages={789--828},
  year={1996},
  publisher={Elsevier}
}

@ARTICLE{660313,
author={L. Dagum and R. Menon},
journal={IEEE Computational Science and Engineering},
title={OpenMP: an industry standard API for shared-memory programming},
year={1998},
volume={5},
number={1},
pages={46-55},
keywords={application program interfaces;parallel programming;shared memory systems;software portability;software reviews;software standards;Fortran;Fortran 90;Fortran 95;Fortran compiler;OpenMP;X3H5 concepts;allocatables;callable runtime library;callable runtime library routines;coarse grain parallelism;compiler directives;environment variables;industry standard API;pointers;shared memory parallelism;shared memory programming;ANSI standards;Coherence;Computer architecture;Hardware;Message passing;Parallel processing;Parallel programming;Power system modeling;Scalability;Software systems}, 
month={Jan},}

@article{chu2007map,
  title={Map-reduce for machine learning on multicore},
  author={Chu, Cheng and Kim, Sang Kyun and Lin, Yi-An and Yu, YuanYuan and Bradski, Gary and Ng, Andrew Y and Olukotun, Kunle},
  journal={Advances in neural information processing systems},
  volume={19},
  pages={281},
  year={2007},
  publisher={MIT; 1998}
}

@article{b1,
  author={Christopher M. Bishop},
  title={Pattern Recognition and Machine Learning},
  year={2006},
  publisher={Springer-Verlag New York, Inc}
}

@article{mckenna2010genome,
  title={The Genome Analysis Toolkit: a MapReduce framework for analyzing next-generation DNA sequencing data},
  author={McKenna, Aaron and Hanna, Matthew and Banks, Eric and Sivachenko, Andrey and Cibulskis, Kristian and Kernytsky, Andrew and Garimella, Kiran and Altshuler, David and Gabriel, Stacey and Daly, Mark and others},
  journal={Genome research},
  volume={20},
  number={9},
  pages={1297--1303},
  year={2010},
  publisher={Cold Spring Harbor Lab}
}





@Book{dragon,
  Title                    = {Compilers Principles, Techniques, \& Tools},
  Author                   = {Alfred V. Aho and Monica S. Lam and Ravi Sethi and Jeffrey D. Ullman},
  Year                     = {2007},

  Owner                    = {john},
  Timestamp                = {2013.10.07}
}

@InProceedings{Aiken88perfectpipelining,
  Title                    = {Perfect Pipelining: A New Loop Parallelization Technique},
  Author                   = {Alexander Aiken and Alexandru Nicolau},
  Year                     = {1988},

  Pages                    = {221--235},
  Publisher                = {Springer-Verlag}
}

@InProceedings{optloop,
  Title                    = {Optimal loop parallelization},
  Author                   = {Aiken, A. and Nicolau, A.},
  Booktitle                = {Proceedings of the ACM SIGPLAN 1988 conference on Programming Language design and Implementation},
  Year                     = {1988},

  Address                  = {New York, NY, USA},
  Pages                    = {308--317},
  Publisher                = {ACM},
  Series                   = {PLDI '88},

  Acmid                    = {54021},
  ISBN                     = {0-89791-269-1},
  Location                 = {Atlanta, Georgia, USA},
  Numpages                 = {10}
}

@Article{allan1995software,
  Title                    = {Software pipelining},
  Author                   = {Allan, Vicki H and Jones, Reese B and Lee, Randall M and Allan, Stephen J},
  Journal                  = {ACM Computing Surveys (CSUR)},
  Year                     = {1995},
  Number                   = {3},
  Pages                    = {367--432},
  Volume                   = {27},

  Publisher                = {ACM}
}

@Book{arm:manual:2012,
  Title                    = {Cortex-A9 MPCore Technical Reference Manual},
  Author                   = {ARM},
  Year                     = {2012}
}

@InProceedings{dopar,
  Title                    = {Programming Multicores: Do Applications Programmers Need to Write Explicitly Parallel Programs?},
  Author                   = {Arvind and August, D. and Pingali, K. and Chiou, D. and Sendag, R. and Yi, J.J.},
  Year                     = {2010},
  Number                   = {3},
  Pages                    = {19-33},
  Volume                   = {30},

  ISSN                     = {0272-1732},
  Journal                  = {Micro, IEEE}
}

@PhdThesis{parsec3,
  Title                    = {Benchmarking Modern Multiprocessors},
  Author                   = {Christian Bienia},
  School                   = {Princeton University},
  Year                     = {2011},
  Month                    = {January}
}

@InProceedings{blem:hpca:2013,
  Title                    = {Power Struggles: Revisiting the RISC vs. CISC Debate on Contemporary ARM and x86 Architectures},
  Author                   = {Blem, Emily and Menon, Jaikrishnan and Sankaralingam, Karthikeyan},
  Booktitle                = {HPCA '13},

  Year                     = {2013},
  Address                  = {Washington, DC, USA},
}

@InProceedings{bridges:micro:2007,
  Title                    = {Revisiting the Sequential Programming Model for Multi-Core},
  Author                   = {Bridges, Matthew and Vachharajani, Neil and Zhang, Yun and Jablin, Thomas and August, David},
  Booktitle                = {MICRO '40},

  Year                     = {2007},
  Location                 = {Chicago, IL, USA},
}

@InProceedings{Campanoni:2012:CGO,
  Title                    = {HELIX: automatic parallelization of irregular programs for chip multiprocessing},
  Author                   = {Campanoni, Simone and Jones, Timothy and Holloway, Glenn and Reddi, Vijay Janapa and Wei, Gu-Yeon and Brooks, David},
  Booktitle                = {CGO '12},

  Year                     = {2012},
  Location				   = {San Jose, CA, USA},
}

@InProceedings{helix,
  Title                    = {The HELIX Project: Overview and Directions},
  Author                   = {Campanoni, Simone and Jones, Timothy and Holloway, Glenn and Wei, Gu-Yeon and Brooks, David},
  Booktitle                = {DAC '12},

  Year                     = {2012},
  Location                 = {San Francisco, CA, USA},
}

@Article{campanoni2012helix,
  Title                    = {Helix: making the extraction of thread-level parallelism mainstream},
  Author                   = {Campanoni, Simone and Jones, Timothy M and Holloway, Glenn and Wei, Gu-Yeon and Brooks, David},
  Journal                  = {IEEE Micro},
  Year                     = {2012},
  Publisher                = {IEEE Computer Society}
}

@InProceedings{dswpques,
  Title                    = {A lock-free cache-friendly software queue buffer for decoupled software pipelining},
  Author                   = {Wen Ren Chen and Wuu Yang and Wei Chung Hsu},
  Booktitle                = {ICS 2010},

  Year                     = {2010},
  Location				   = {Tainan, Taiwan}
}

@InProceedings{doacross,
  Title                    = {Doacross: Beyond Vectorization for Multiprocessors},
  Author                   = {Ron Cytron},
  Booktitle                = {ICPP},

  Year                     = {1986},
  Location				   = {University Park, PA, USA}
}

@InProceedings{ferrante:1987:pls,
  Title                    = {The program dependence graph and its use in optimization},
  Author                   = {Ferrante, Jeanne and Ottenstein, Karl J. and Warren, Joe D.},
  Booktitle				   = {TOPLAS '87},

  Year                     = {1987},
  Location				   = {New York, NY, USA}
}

@Misc{GalaxyNote2,
  Title                    = {{Samsung Galaxy S IV}},

  Author                   = {Wikimedia Foundation},
  HowPublished             = {\url{http://en.wikipedia.org/wiki/Samsung_Galaxy_Note_II}},
  Note                     = {[Online; accessed 07-Sep-2013]},
  Year                     = {2013}
}

@Misc{GalaxyS4,
  Title                    = {{Samsung Galaxy S IV}},

  Author                   = {Wikimedia Foundation},
  HowPublished             = {\url{http://en.wikipedia.org/wiki/Samsung_Galaxy_S4}},
  Note                     = {[Online; accessed 07-Sep-2013]},
  Year                     = {2013}
}

@Article{Fritts:2009:micros,
  Title                    = {MediaBench II video: Expediting the next generation of video systems research},
  Author                   = {Fritts, Jason E. and Steiling, Frederick W. and Tucek, Joseph A. and Wolf, Wayne},
  Journal                  = {Microprocess. Microsyst.},
  Year                     = {2009},
  Number                   = {4},
  Volume                   = {33}
}

@InProceedings{fastques,
  Title                    = {FastForward for efficient pipeline parallelism: a cache-optimized concurrent lock-free queue},
  Author                   = {Giacomoni, John and Moseley, Tipp and Vachharajani, Manish},
  Booktitle                = {PPoPP '13},

  Year                     = {2008},
  Location                 = {Salt Lake City, UT, USA},
}

@Article{specCpu2006,
  Title                    = {SPEC CPU2006 Benchmark Descriptions},
  Author                   = {Henning, John L.},
  Journal                  = {SIGARCH Comput. Archit. News},
  Year                     = {2006},

  Month                    = sep,
  Number                   = {4},
  Pages                    = {1--17},
  Volume                   = {34},

  Acmid                    = {1186737},
  Address                  = {New York, NY, USA},
  ISSN                     = {0163-5964},
  Issue_date               = {September 2006},
  Numpages                 = {17},
  Publisher                = {ACM}
}

@InProceedings{huang:2013:cgo,
  Title                    = {Automatically exploiting cross-invocation parallelism using runtime information},
  Author                   = {Huang, Jialu and Jablin, Thomas B. and Beard, Stephen R. and Johnson, Nick P. and August, David I.},
  Booktitle                = {CGO '13},


  Year={2013},
  Location={Shenzhen, China}
}

@InProceedings{decopp,
  Title                    = {Decoupled software pipelining creates parallelization opportunities},
  Author                   = {Huang, Jialu and Raman, Arun and Jablin, Thomas B. and Zhang, Yun and Hung, Tzu-Han and August, David I.},
  Booktitle                = {CGO '8},

  Year                     = {2010},
  Location                 = {Toronto, Ontario, Canada},
}

@InProceedings{hundt:cgo:2011,
  Title                    = {MAO -- An Extensible Micro-architectural Optimizer},
  Author                   = {Hundt, Robert and Raman, Easwaran and Thuresson, Martin and Vachharajani, Neil},
  Booktitle                = {CGO '9},

  Year                     = {2011},
  Location				   = {Chamonix, France}
}

@Article{hurson:adv_comp:1997,
  Title                    = {Parallelization of DOALL and DOACROSS Loops - A Survey.},
  Author                   = {Hurson, Ali R. and Lim, Joford T. and Kavi, Krishna M. and Lee, Ben},
  Journal                  = {Advances in Computers},
  Year                     = {1997},
  Pages                    = {53-103},
  Volume                   = {45},

  Added-at                 = {2011-11-29T00:00:00.000+0100},
  Interhash                = {4f12683b5e1da6df3fce2fd961436e8f},
  Intrahash                = {5ae625027ae069f20119cc1feb6a9abe},
  Keywords                 = {dblp},
  Timestamp                = {2011-11-29T00:00:00.000+0100}
}

@Book{intel:manual:2013,
  Title                    = {Intel 64 and IA-32 Architectures Optimization Reference Manual},
  Author                   = {Intel},
  Year                     = {2013}
}

@InProceedings{jablin:cgo:2010,
  Title                    = {Liberty queues for epic architectures},
  Author                   = {Jablin, Thomas B and Zhang, Yun and Jablin, James A and Huang, Jialu and Kim, Hanjun and August, David I},
  Booktitle                = {EPIC '8 Workshop},

  Year                     = {2010},
  Location				   = {Toronto, Canada}
}

@InProceedings{libques,
  Title                    = {Liberty Queues for EPIC Architectures.},
  Author                   = {Jablin, T. B. and Zhang, Y. and Jablin, J. A. and Huang, J. and Kim, H. and August, D. I.},
  Booktitle                = {EPIC '8 Workshop},

  Year                     = {2010},
  Location				   = {Toronto, Canada}
}

@Book{allen:kennedy,
  Title                    = {Optimizing compilers for modern architectures: a dependence-based approach},
  Author                   = {Kennedy, Ken and Allen, John R.},
  Publisher                = {Morgan Kaufmann Publishers Inc.},

  Year                     = {2002},
  ISBN                     = {1-55860-286-0}
}

@InProceedings{sd3,
  Title                    = {SD3: A Scalable Approach to Dynamic Data-Dependence Profiling},
  Author                   = {Kim, Minjang and Kim, Hyesoon and Luk, Chi-Keung},
  Booktitle                = {Proceedings of the 2010 43rd Annual IEEE/ACM International Symposium on Microarchitecture},
  Year                     = {2010},

  Address                  = {Washington, DC, USA},
  Pages                    = {535--546},
  Publisher                = {IEEE Computer Society},
  Series                   = {MICRO '43},

  Acmid                    = {1934996},
  ISBN                     = {978-0-7695-4299-7},
  Keywords                 = {profiling, data dependence, parallel programming, program analysis, compression, parallelization},
  Numpages                 = {12}
}

@InProceedings{lam1988software,
  Title                    = {Software pipelining: An effective scheduling technique for VLIW machines},
  Author                   = {Lam, Monica},
  Booktitle                = {ACM Sigplan Notices},
  Year                     = {1988},
  Number                   = {7},
  Organization             = {ACM},
  Pages                    = {318--328},
  Volume                   = {23}
}

@Article{Lamport:1974:PEL:360827.360844,
  Title                    = {The Parallel Execution of DO Loops},
  Author                   = {Lamport, Leslie},
  Journal                  = {Commun. ACM},
  Year                     = {1974},

  Month                    = feb,
  Number                   = {2},
  Pages                    = {83--93},
  Volume                   = {17},

  Acmid                    = {360844},
  Address                  = {New York, NY, USA},
  ISSN                     = {0001-0782},
  Issue_date               = {Feb. 1974},
  Keywords                 = {array computers, loops, multiprocessor computers, parallel computing, vector computers},
  Numpages                 = {11},
  Publisher                = {ACM}
}

@InProceedings{Lattner:2004:CGO,
  Title                    = {LLVM: A Compilation Framework for Lifelong Program Analysis \& Transformation},
  Author                   = {Lattner, Chris and Adve, Vikram},
  Booktitle                = {Proceedings of the international symposium on Code generation and optimization: feedback-directed and runtime optimization},
  Year                     = {2004},

  Address                  = {Washington, DC, USA},
  Pages                    = {75--},
  Publisher                = {IEEE Computer Society},
  Series                   = {CGO '04},

  Acmid                    = {977673},
  ISBN                     = {0-7695-2102-9},
  Location                 = {Palo Alto, California}
}

@InProceedings{Potkonjak:1997:MICRO,
  Title                    = {MediaBench: a tool for evaluating and synthesizing multimedia and communicatons systems},
  Author                   = {Lee, Chunho and Potkonjak, Miodrag and Mangione-Smith, William H.},
  Booktitle                = {Proceedings of the 30th annual ACM/IEEE international symposium on Microarchitecture},
  Year                     = {1997},

  Address                  = {Washington, DC, USA},
  Pages                    = {330--335},
  Publisher                = {IEEE Computer Society},
  Series                   = {MICRO 30},

  Acmid                    = {266832},
  ISBN                     = {0-8186-7977-8},
  Keywords                 = {MediaBench, SIMD, SPEC benchmark suite, VLIW, benchmark suite, communications systems, compilation technology, embedded applications, experimental measurement, general-purpose computing, general-purpose systems, inner-loops, instruction-level parallelism, microprocessor architectures, multimedia systems, optimization},
  Location                 = {Research Triangle Park, North Carolina, USA},
  Numpages                 = {6}
}

@InProceedings{netques,
  Title                    = {A lock-free, cache-efficient multi-core synchronization mechanism for line-rate network traffic monitoring},
  Author                   = {Lee, P.P.C. and Bu, T. and Chandranmenon, G.},
  Booktitle                = {IPDPS '2010},

  Year                     = {2010},
  Location				   = {Atlanta, GA, USA}
}

@InProceedings{lee:ancs:2009,
  Title                    = {A lock-free, cache-efficient shared ring buffer for multi-core architectures},
  Author                   = {Lee, Patrick PC and Bu, Tian and Chandranmenon, Girish},
  Booktitle                = {ANCS '5},

  Year                     = {2009},
  Location				   = {Princeton, NJ, USA}
}

@InProceedings{lee:2009:sancs,
  Title                    = {A lock-free, cache-efficient shared ring buffer for multi-core architectures},
  Author                   = {Lee, Patrick P. C. and Bu, Tian and Chandranmenon, Girish},
  Booktitle                = {Proceedings of the 5th ACM/IEEE Symposium on Architectures for Networking and Communications Systems},
  Year                     = {2009},

  Address                  = {New York, NY, USA},
  Pages                    = {78--79},
  Publisher                = {ACM},
  Series                   = {ANCS '09},

  Acmid                    = {1882508},
  ISBN                     = {978-1-60558-630-4},
  Location                 = {Princeton, New Jersey},
  Numpages                 = {2}
}

@InProceedings{dthreads,
  Title                    = {Dthreads: efficient deterministic multithreading},
  Author                   = {Liu, Tongping and Curtsinger, Charlie and Berger, Emery D.},
  Booktitle                = {Proceedings of the Twenty-Third ACM Symposium on Operating Systems Principles},
  Year                     = {2011},

  Address                  = {New York, NY, USA},
  Pages                    = {327--336},
  Publisher                = {ACM},
  Series                   = {SOSP '11},

  Acmid                    = {2043587},
  ISBN                     = {978-1-4503-0977-6},
  Location                 = {Cascais, Portugal},
  Numpages                 = {10}
}

@Article{extdswp,
  Title                    = {Extending decoupled software pipeline to parallelize Java programs},
  Author                   = {Loureiro, André and Porto, João Paulo and Araujo, Guido},
  Journal                  = {Software: Practice and Experience},
  Year                     = {2013},
  Number                   = {5},
  Pages                    = {525--541},
  Volume                   = {43},

  ISSN                     = {1097-024X},
  Keywords                 = {parallel programming, pipeline, Java, performance}
}

@InProceedings{5260522,
  Title                    = {Analytical Modeling of Pipeline Parallelism},
  Author                   = {Navarro, Angeles and Asenjo, Rafael and Tabik, Siham and Cascaval, Calin},
  Booktitle                = {Proceedings of the 2009 18th International Conference on Parallel Architectures and Compilation Techniques},
  Year                     = {2009},

  Address                  = {Washington, DC, USA},
  Pages                    = {281--290},
  Publisher                = {IEEE Computer Society},
  Series                   = {PACT '09},

  Acmid                    = {1637767},
  ISBN                     = {978-0-7695-3771-9},
  Numpages                 = {10}
}

@InProceedings{ottoni:2005:micro,
  Title                    = {Automatic Thread Extraction with Decoupled Software Pipelining},
  Author                   = {Ottoni, Guilherme and Rangan, Ram and Stoler, Adam and August, David I.},
  Booktitle                = {MICRO '38},

  Year                     = {2005},
  Location                 = {Barcelona, Spain},
}

@Book{pachecobook,
  Title                    = {An introduction to parallel programming},
  Author                   = {Peter S. Pacheco},
  Publisher                = {Morgan Kaufmann Publishers Inc.},
  Year                     = {2011},

  ISBN                     = {978-0-12-374260-5},
  Owner                    = {john},
  Timestamp                = {2013.07.27}
}

@InProceedings{taopar,
  Title                    = {The tao of parallelism in algorithms},
  Author                   = {Pingali, Keshav and Nguyen, Donald and Kulkarni, Milind and Burtscher, Martin and Hassaan, M. Amber and Kaleem, Rashid and Lee, Tsung-Hsien and Lenharth, Andrew and Manevich, Roman and M{\'e}ndez-Lojo, Mario and Prountzos, Dimitrios and Sui, Xin},
  Booktitle                = {Proceedings of the 32nd ACM SIGPLAN conference on Programming language design and implementation},
  Year                     = {2011},

  Address                  = {New York, NY, USA},
  Pages                    = {12--25},
  Publisher                = {ACM},
  Series                   = {PLDI '11},

  Acmid                    = {1993501},
  ISBN                     = {978-1-4503-0663-8},
  Location                 = {San Jose, California, USA},
  Numpages                 = {14}
}

@InProceedings{comm_set,
  Title                    = {Commutative set: a language extension for implicit parallel programming},
  Author                   = {Prabhu, Prakash and Ghosh, Soumyadeep and Zhang, Yun and Johnson, Nick P. and August, David I.},
  Booktitle                = {Proceedings of the 32nd ACM SIGPLAN conference on Programming language design and implementation},
  Year                     = {2011},

  Address                  = {New York, NY, USA},
  Pages                    = {1--11},
  Publisher                = {ACM},
  Series                   = {PLDI '11},

  Acmid                    = {1993500},
  ISBN                     = {978-1-4503-0663-8},
  Keywords                 = {automatic parallelization, implicit parallelism, programming model, semantic commutativity, static analysis},
  Location                 = {San Jose, California, USA},
  Numpages                 = {11}
}

@InProceedings{spec_ps_dswp,
  Title                    = {Speculative parallelization using software multi-threaded transactions},
  Author                   = {Raman, Arun and Kim, Hanjun and Mason, Thomas R. and Jablin, Thomas B. and August, David I.},
  Booktitle                = {ASPLOS '15},

  Year                     = {2010},
  Location                 = {Pittsburgh, PA, USA},
}

@InProceedings{raman:2011:pldi,
  Title                    = {Parallelism orchestration using DoPE: the degree of parallelism executive},
  Author                   = {Raman, Arun and Kim, Hanjun and Oh, Taewook and Lee, Jae W. and August, David I.},
  Booktitle                = {PLDI '32},

  Year                     = {2011},
  Location                 = {San Jose, CA, USA},
}

@InProceedings{flexpar,
  Title                    = {From sequential programming to flexible parallel execution},
  Author                   = {Raman, Arun and Lee, Jae W. and August, David I.},
  Booktitle                = {Proceedings of the 2012 international conference on Compilers, architectures and synthesis for embedded systems},
  Year                     = {2012},

  Address                  = {New York, NY, USA},
  Pages                    = {37--40},
  Publisher                = {ACM},
  Series                   = {CASES '12},

  Acmid                    = {2380417},
  ISBN                     = {978-1-4503-1424-4},
  Keywords                 = {adaptivity, code generation, compiler, embedded, flexible, gpgpu, heterogeneous, multicore, optimization, parallel, parallelization, performance portability, run-time, tuning},
  Location                 = {Tampere, Finland},
  Numpages                 = {4}
}

@InProceedings{parcae,
  Title                    = {Parcae: a system for flexible parallel execution},
  Author                   = {Raman, Arun and Zaks, Ayal and Lee, Jae W. and August, David I.},
  Booktitle                = {PLDI '33},

  Year                     = {2012},
  Location                 = {Beijing, China},
}

@InProceedings{psdswp,
  Title                    = {Parallel-stage decoupled software pipelining},
  Author                   = {Raman, Easwaran and Ottoni, Guilherme and Raman, Arun and Bridges, Matthew J. and August, David I.},
  Booktitle                = {CGO '6},

  Year                     = {2008},
  Location                 = {Boston, MA, USA},
}

@InProceedings{rangan:pmup:2006,
  Title                    = {Amortizing software queue overhead for pipelined interthread communication},
  Author                   = {Rangan, Ram and August, David I},
  Booktitle                = {PMUP '2006 Workshop},

  Year                     = {2006},
  Location				   = {Seatle, WA, USA},
}

@InProceedings{rangan:2008:taco,
  Title                    = {Performance scalability of decoupled software pipelining},
  Author                   = {Rangan, Ram and Vachharajani, Neil and Ottoni, Guilherme and August, David I.},
  Booktitle				   = {TACO '2008},

  Year                     = {2008},
}

@InProceedings{rangan:micro:2006,
  Title                    = {Support for High-Frequency Streaming in CMPs},
  Author                   = {Rangan, Ram and Vachharajani, Neil and Stoler, Adam and Ottoni, Guilherme and August, David I. and Cai, George Z. N.q},
  Booktitle                = {MICRO '39},

  Year                     = {2006},
  Location				   = {Florida, FL, USA},
}

@InProceedings{rangan:2005:pact,
  Title                    = {Decoupled Software Pipelining with the Synchronization Array},
  Author                   = {Rangan, Ram and Vachharajani, Neil and Vachharajani, Manish and August, David I.},
  Booktitle                = {PACT '13},

  Year                     = {2004},
  Location				   = {Antibes Juan-les-Pins, France},
}

@InProceedings{rau1994iterative,
  Title                    = {Iterative modulo scheduling: An algorithm for software pipelining loops},
  Author                   = {Rau, B Ramakrishna},
  Booktitle                = {Proceedings of the 27th annual international symposium on Microarchitecture},
  Year                     = {1994},
  Organization             = {ACM},
  Pages                    = {63--74}
}

@TechReport{parboil,
  Title                    = {Parboil: A Revised Benchmark Suite for Scientific and Commercial Throughput Computing},
  Author                   = {Stratton, J. A. and Rodrigues, C. and Sung, I. and Obeid, N. and Chang, v. and Anssari, N. and Liu, G. D. and Hwu, W. W. },
  Institution              = {University of Illinois, at Urbana-Champaign},
  Year                     = {2002},

  Owner                    = {john},
  Timestamp                = {2013.07.27}
}

@InProceedings{Unnikrishnan:2012:europar,
  Title                    = {A practical approach to DOACROSS parallelization},
  Author                   = {Unnikrishnan, Priya and Shirako, Jun and Barton, Kit and Chatterjee, Sanjay and Silvera, Raul and Sarkar, Vivek},
  Booktitle                = {Euro-Par '12},

  Year                     = {2012},
  Location				   = {Rhodes Islands, Greece},
}

@InProceedings{vachharajani:2007:pact,
  Title                    = {Speculative Decoupled Software Pipelining},
  Author                   = {Vachharajani, Neil and Rangan, Ram and Raman, Easwaran and Bridges, Matthew J. and Ottoni, Guilherme and August, David I.},
  Booktitle                = {PACT '16},

  Year                     = {2007},
  Location				   = {Brasov, Romania},
}

@InProceedings{paralax,
  Title                    = {The Paralax infrastructure: automatic parallelization with a helping hand},
  Author                   = {Vandierendonck, Hans and Rul, Sean and De Bosschere, Koen},
  Booktitle                = {PACT '19},

  Year                     = {2010},
  Location                 = {Vienna, Austria},
}

@InProceedings{static_freq,
  Title                    = {Static branch frequency and program profile analysis},
  Author                   = {Wu, Youfeng and Larus, James R.},
  Booktitle                = {MICRO '27},

  Year                     = {1994},
  Location                 = {San Jose, CA, USA},
}

@InProceedings{zhang:ppopp:2010,
  Title                    = {Does Cache Sharing on Modern CMP Matter to the Performance of Contemporary Multithreaded Programs?},
  Author                   = {Zhang, Eddy Z. and Jiang, Yunlian and Shen, Xipeng},
  Booktitle                = {Proceedings of the 15th ACM SIGPLAN Symposium on Principles and Practice of Parallel Programming},
  Year                     = {2010},

  Address                  = {New York, NY, USA},
  Pages                    = {203--212},
  Publisher                = {ACM},
  Series                   = {PPoPP '10},

  Acmid                    = {1693482},
  ISBN                     = {978-1-60558-877-3},
  Keywords                 = {chip multiprocessors, parallel program optimizations, shared cache, thread scheduling},
  Location                 = {Bangalore, India},
  Numpages                 = {10}
}

@InProceedings{zhang:icpads:2008,
  Title                    = {Clustered Decoupled Software Pipelining on Commodity CMP},
  Author                   = {Yuanming Zhang and Kanemitsu Ootsu and Takashi Yokota and Takanobu Baba},
  Booktitle                = {ICPADS '08},

  Year                     = {2008},
  Location				   = {Melbourne, Australia},
}

@inproceedings{McDaniel:exadapt:2012,
	author = {McDaniel, Michelle and Hazelwood, Kim},
	title = {Runtime Adaptation: A Case for Reactive Code Alignment},
	booktitle = {EXADAPT '2},

	year = {2012},
	location = {London, United Kingdom},
}

@INPROCEEDINGS{homescu:cgo:2013,
	author={Homescu, A. and Neisius, S. and Larsen, P. and Brunthaler, S. and Franz, M.},
	booktitle={CGO '13},
	title={Profile-guided automated software diversity},

	year={2013},
	Location={Shenzhen, China}
}


@book{clrs:algorithms,
 author = {Cormen, Thomas H. and Leiserson, Charles E. and Rivest, Ronald L. and Stein, Clifford},
 title = {Introduction to Algorithms, Third Edition},
 year = {2009},
 isbn = {0262033844, 9780262033848},
 edition = {3rd},
 publisher = {The MIT Press},
}


@IEEEtranBSTCTL{bstctl:etal,
  Ctlmax_names_forced_etal = {3},
  Ctluse_forced_etal       = {yes}
}

@IEEEtranBSTCTL{bstctl:nodash,
  Ctldash_repeated_names   = {no}
}

@IEEEtranBSTCTL{bstctl:simpurl,
  Ctlname_url_prefix       = {Available: }
}
